<record><leader>00000cas a2200000 a 4500</leader><controlfield tag="001">54084367</controlfield><controlfield tag="008">040126c19uu9999miuer ne      0    0araoc</controlfield><datafield ind1=" " ind2=" " tag="010"><subfield code="a">  2004222529</subfield></datafield><datafield ind1=" " ind2=" " tag="040"><subfield code="a">CLU</subfield><subfield code="b">eng</subfield><subfield code="c">CLU</subfield><subfield code="d">OCLCQ</subfield><subfield code="d">OCLCF</subfield><subfield code="d">OCLCO</subfield></datafield><datafield ind1="1" ind2=" " tag="029"><subfield code="a">AU@</subfield><subfield code="b">000025256894</subfield></datafield><datafield ind1=" " ind2=" " tag="042"><subfield code="a">pcc</subfield></datafield><datafield ind1=" " ind2=" " tag="043"><subfield code="a">ma-----</subfield></datafield><datafield ind1="0" ind2="3" tag="245"><subfield code="a">al-H&#803;adath :</subfield><subfield code="b">akhba&#772;ri&#772;yah, ijtima&#772;&#699;i&#772;yah, fanni&#772;yah, &#699;ilmi&#772;yah, thaqa&#772;fi&#772;yah.</subfield></datafield><datafield ind1="1" ind2="3" tag="246"><subfield code="a">Alhadath newspaper</subfield></datafield><datafield ind1=" " ind2=" " tag="260"><subfield code="a">Dearborn, MI :</subfield><subfield code="b">Bassa&#772;m Mura&#772;d</subfield></datafield><datafield ind1=" " ind2=" " tag="300"><subfield code="a">v. :</subfield><subfield code="b">ill. ;</subfield><subfield code="c">38 cm.</subfield></datafield><datafield ind1=" " ind2=" " tag="310"><subfield code="a">Biweekly</subfield></datafield><datafield ind1=" " ind2=" " tag="588"><subfield code="a">Description based on: al-Sanah 2., al-&#699;adad 11 (03/01/2002); title from caption.</subfield></datafield><datafield ind1=" " ind2=" " tag="588"><subfield code="a">Latest issue consulted: Issue 30 (12/15/2002).</subfield></datafield><datafield ind1=" " ind2="0" tag="651"><subfield code="a">Middle East</subfield><subfield code="v">Newspapers.</subfield></datafield><datafield ind1=" " ind2="7" tag="655"><subfield code="a">Newspapers.</subfield><subfield code="2">fast</subfield><subfield code="0">(OCoLC)fst01423814</subfield></datafield><datafield ind1=" " ind2="7" tag="651"><subfield code="a">Middle East.</subfield><subfield code="2">fast</subfield><subfield code="0">(OCoLC)fst01241586</subfield></datafield><datafield ind1=" " ind2=" " tag="752"><subfield code="a">United States</subfield><subfield code="b">Michigan</subfield><subfield code="c">Wayne</subfield><subfield code="d">Dearborn.</subfield></datafield></record>